<?xml version="1.0" encoding="UTF-8"?><collection><record><leader>06302ntm a2200565 a 4500</leader><controlfield tag="001">006806696</controlfield><controlfield tag="003">MiAaHDL</controlfield><controlfield tag="005">20190719000000.0</controlfield><controlfield tag="006">m        d        </controlfield><controlfield tag="007">cr bn ---auaua</controlfield><controlfield tag="008">090603q17041705xx            00| ||ara d</controlfield><datafield tag="035" ind1=" " ind2=" "><subfield code="a">(MiU)006806696</subfield></datafield><datafield tag="035" ind1=" " ind2=" "><subfield code="a">sdr-miu006806696</subfield></datafield><datafield tag="040" ind1=" " ind2=" "><subfield code="a">MiU</subfield><subfield code="c">MiU</subfield><subfield code="e">amremm</subfield></datafield><datafield tag="043" ind1=" " ind2=" "><subfield code="a">n-us-mi</subfield></datafield><datafield tag="100" ind1="1" ind2=" "><subfield code="6">880-01</subfield><subfield code="a">Khaṭīb al-Tibrīzī, Muḥammad ibn ʻAbd Allāh,</subfield><subfield code="d">active 1337.</subfield></datafield><datafield tag="245" ind1="1" ind2="0"><subfield code="6">880-03</subfield><subfield code="a">Mishkāt al-Maṣābīḥ,</subfield><subfield code="f">[1116, i.e. 1704 or 1705].</subfield></datafield><datafield tag="260" ind1=" " ind2=" "><subfield code="c">[1704 or 1705].</subfield></datafield><datafield tag="300" ind1=" " ind2=" "><subfield code="a">197 leaves :</subfield><subfield code="b">paper ;</subfield><subfield code="c">275 x 199 (170-209 x 105) mm.</subfield></datafield><datafield tag="500" ind1=" " ind2=" "><subfield code="a">Shelfmark: Ann Arbor, University of Michigan, Special Collections Library, Isl. Ms. 483</subfield></datafield><datafield tag="500" ind1=" " ind2=" "><subfield code="a">Origin: As appears in colophon on p.393, transcription (of opening and closing sections) completed in 1116 [1704 or 5] by al-Ḥājj Ṣāliḥ ibn al-Ḥājj ʻUmar ibn al-Ḥājj Salmān ibn Muḥammad Afandī ( Hacı Salıh b. Hacı Ömer b. Hacı Selman b. Mehmet Efendi ). Paper, hand, etc. suggest transcription of middle section possibly late 17th or early 18th century.</subfield></datafield><datafield tag="500" ind1=" " ind2=" "><subfield code="a">Accompanying materials: a. Acquisitions slip from Yahuda -- b. Inventory cataloguing slip in hand of Winifred Smeaton Thomas.</subfield></datafield><datafield tag="500" ind1=" " ind2=" "><subfield code="a">Former shelfmark: From inner front cover and spine label, "IL 336" (likely supplied by Yahuda, see acquisitions slip).</subfield></datafield><datafield tag="500" ind1=" " ind2=" "><subfield code="a">Binding: Pasteboards now covered in a teal textured/coated paper with red leather over spine (and traces of brown leather at exposed board edges) ; Type III binding (without flap) ; board linings (doublures) and hinges in shell marbled paper (in light brown, teal, and pink) ; now sewn in white thread, four stations ; worked chevron endbands in blue and cream, good condition ; overall in somewhat poor condition with abrasion, staining, lifting and losses of paper and leather, delamination of boards, etc.</subfield></datafield><datafield tag="500" ind1=" " ind2=" "><subfield code="a">Support: European laid paper of mainly two types ; opening type with 7 laid lines per cm. (horizontal), chain lines spaced 26-28 mm. apart (vertical), three crescents watermark (82 mm. long, perpendicular to chains), quite well-burnished to glossy (burnisher's marks visible), crisp and translucent though sturdy ; second type (pp.133-330) with 8 laid lines per cm. (horizontal), chain lines spaced 19-22 mm. apart (vertical), small two-handled pot watermark with letters "M P" [?] (see p.134, 136, 164, etc.), quite crisp, thin and translucent though sturdy, burnished, some bifolia tinted beige or pale orange ; occasionally other pot watermarked papers appear (see p.177, 216, 222, etc) ; some staining.</subfield></datafield><datafield tag="500" ind1=" " ind2=" "><subfield code="a">Decoration: Keywords and section headings rubricated.</subfield></datafield><datafield tag="500" ind1=" " ind2=" "><subfield code="a">Script: Naskh ; two main hands ; opening and closing hand an elegant Turkish or 'Syrian' naskh, virtually serifless with dramatic effect of tilt to the left, curvilinear descenders, pointing (for two and three dots) mainly in conjoined dots, some free assimilation of letters ; p.134 to p.330 supplied in a different hand (in a different layout on a different paper) with Persianate features, mainly serifless and fairly vertical, open and closed counters, pointing mainly in distinct dots, fully vocalized.</subfield></datafield><datafield tag="500" ind1=" " ind2=" "><subfield code="a">Layout: Written in 19 and 17 lines per page.</subfield></datafield><datafield tag="500" ind1=" " ind2=" "><subfield code="a">Collation: V+1 (11), 5 V(61), II+1 (66), 6 IV(114), IV+1 (123), V (133), 4 IV(165), 2 V(185), VI (197) ; chiefly quaternions and quinions ; catchwords present ; foliation in black ink, Hindu-Arabic numerals ; pagination in pencil, Western numerals, supplied during digitization.</subfield></datafield><datafield tag="500" ind1=" " ind2=" "><subfield code="a">Colophon: "Scribal," reads "تمت كتابة هذا الكتاب من يد اضعف العباد الحاج احمد [؟] ابن الحاج عمر بن الحاج سلمان بن محمد افندى غفر الله لهم ولجميع المؤمنين والمؤمنات الاحياء منهم والاموات ولمن قال امين بحرمة سيد المرسلين في التاريخ ست عشر ومائة والف"</subfield></datafield><datafield tag="500" ind1=" " ind2=" "><subfield code="a">Explicit: "قال بل انتم اصحابي واخواننا الذين لم يأتوا بعد وانا فرطهم على الحوض"</subfield></datafield><datafield tag="500" ind1=" " ind2=" "><subfield code="a">Incipit: "قال رسول الله صلى الله عليه وسلم من اعتق رقبة مسلمة اعتق الله بكل عضو منه عضوا منه من النار حتى فرجه بفرجه غرابي ذر ..."</subfield></datafield><datafield tag="500" ind1=" " ind2=" "><subfield code="a">Title from inscription on front flyleaf (p.1).</subfield></datafield><datafield tag="500" ind1=" " ind2=" "><subfield code="a">Ms. composite codex.</subfield></datafield><datafield tag="510" ind1="4" ind2=" "><subfield code="a">Ḥājjī Khalīfah. Kashf al-ẓunūn,</subfield><subfield code="c">v 559 ; v 567</subfield></datafield><datafield tag="510" ind1="4" ind2=" "><subfield code="a">Brockelmann, C. GAL</subfield><subfield code="c">I 364 ; II 195</subfield></datafield><datafield tag="520" ind1="8" ind2=" "><subfield code="a">Fine composite copy of Walī al-Dīn Muḥammad ibn ʻAbd Allāh al-Khaṭīb al-Tibrīzī's (d.1342) arrangement of Maṣābīḥ al-sunnah, the ḥadīth collection compiled from various sources and arranged by subject and degree of authority by al-Ḥusayn ibn Masʻūd al-Baghawī (d.1117?). Contents listing at opening (p.1).</subfield></datafield><datafield tag="538" ind1=" " ind2=" "><subfield code="a">Mode of access: Internet.</subfield></datafield><datafield tag="541" ind1=" " ind2=" "><subfield code="a">Acquired in 1926 from the bookseller Isaac Benjamin S.E. Yahuda via purchase transacted on his behalf by Abraham Shalom Yahuda (1877-1951), his younger brother.</subfield></datafield><datafield tag="546" ind1=" " ind2=" "><subfield code="a">Arabic.</subfield></datafield><datafield tag="561" ind1=" " ind2=" "><subfield code="a">Reading / study notice at close on p.393 in the name of one Yaḥyá Muḥammad ( Yahya Mehmet / يحيي محمد ), reads "طالعت بها وانا الفقير اليه تعالى محيى محمد المدرس ... يحيى افندى المرحوم عفى عنه" ; occasional marginal corrections and glosses.</subfield></datafield><datafield tag="600" ind1="1" ind2="0"><subfield code="a">Baghawī, al-Ḥusayn ibn Mas‘ūd,</subfield><subfield code="d">d. 1117?</subfield><subfield code="t">Maṣābīḥ al-sunnah.</subfield></datafield><datafield tag="650" ind1=" " ind2="0"><subfield code="a">Manuscripts, Arabic</subfield><subfield code="z">Michigan</subfield><subfield code="z">Ann Arbor.</subfield></datafield><datafield tag="650" ind1=" " ind2="0"><subfield code="a">Hadith</subfield><subfield code="v">Texts</subfield><subfield code="v">Early works to 1800.</subfield></datafield><datafield tag="650" ind1=" " ind2="0"><subfield code="a">Hadith</subfield><subfield code="x">Criticism, interpretation, etc.</subfield><subfield code="v">Early works to 1800.</subfield></datafield><datafield tag="700" ind1="0" ind2=" "><subfield code="6">880-05</subfield><subfield code="a">Salıh bin Ömer bin Selman bin Mehmet Efendi,</subfield><subfield code="d">fl. 1704,</subfield><subfield code="e">scribe.</subfield></datafield><datafield tag="773" ind1="0" ind2=" "><subfield code="a">Yahuda Collection.</subfield></datafield><datafield tag="880" ind1="0" ind2=" "><subfield code="6">700-05/</subfield><subfield code="a">صالح بن عمر بن سلمان بن محمد افندى,</subfield><subfield code="e">ناسخ.</subfield></datafield><datafield tag="880" ind1="1" ind2="0"><subfield code="6">245-03/</subfield><subfield code="a">مشكاة المصابيح,</subfield><subfield code="f">[1116ه، 1704 او 1705م].</subfield></datafield><datafield tag="880" ind1="1" ind2=" "><subfield code="6">100-01/</subfield><subfield code="a">خطيب التبريزي، محمد بن عبد الله.</subfield></datafield><datafield tag="CID" ind1=" " ind2=" "><subfield code="a">006806696</subfield></datafield><datafield tag="DAT" ind1="0" ind2=" "><subfield code="a">20190719102637.0</subfield><subfield code="b">20190719000000.0</subfield></datafield><datafield tag="DAT" ind1="1" ind2=" "><subfield code="a">20190719090653.0</subfield><subfield code="b">2019-07-19T16:10:26Z</subfield></datafield><datafield tag="DAT" ind1="2" ind2=" "><subfield code="a">2015-10-02T18:00:03Z</subfield></datafield><datafield tag="CAT" ind1=" " ind2=" "><subfield code="a">SDR-MIU</subfield><subfield code="d">EX LIBRIS - ALEPH</subfield><subfield code="l">prepare.pl-004-008</subfield></datafield><datafield tag="FMT" ind1=" " ind2=" "><subfield code="a">BK</subfield></datafield><datafield tag="HOL" ind1=" " ind2=" "><subfield code="0">sdr-miu006806696</subfield><subfield code="a">MiU</subfield><subfield code="b">SDR</subfield><subfield code="c">MIU</subfield><subfield code="p">mdp.39015079127950</subfield><subfield code="s">MIU</subfield><subfield code="1">006806696</subfield></datafield><datafield tag="974" ind1=" " ind2=" "><subfield code="b">MIU</subfield><subfield code="c">MIU</subfield><subfield code="d">20190719</subfield><subfield code="s">lit-dlps-dc</subfield><subfield code="u">mdp.39015079127950</subfield><subfield code="y">1705</subfield><subfield code="r">pd</subfield><subfield code="q">bib</subfield><subfield code="t">non-US bib date2 &lt; 1879</subfield></datafield></record></collection>